@article{poznan,
	organization = "Zespół Blue Ocean Business consulting ds. transportu publicznego",
	title = "Koncepcja budowy funkcjonalnych węzłów przesiadkowych PKM w kierunku zwiększenia ich dostępności oraz oferowania usług komplementarnych do komunikacji publicznej",
	year = "lipiec 2015"}
	
@article{metodyka,
	author = {Piotr Olszewski, Halina Krukowska, Piotr Krukowski},
	title = ",,{M}etodyka oceny wskaźnikowej węzłów przesiadkowych transportu publicznego''",
	journal = "Transport miejski i regionalny",
	year = "czerwiec 2014"}
	
@article{stanko,
	author = {Katarzyna Stańko},
	title = {Przegląd i charakterystyka systemów parkingowych},
	journal = {,,{M}echanika''},
	year = 2012}
	
@book{spillar,
	author = {Robert J. Spillar},
	title = {Park-and-ride planning and design guidelines},
	year = 1997}
	
@phdthesis{szarata,
	author = {Andrzej Szarata},
	title = {Ocena efektywności funkcjonalnej parkingów przesiadkowych (P+R)},
	year = {październik 2005},
	school = {Politechnika Krakowska}}
	